/homes/wendydi/CoinIpopt/Ipopt/contrib/RInterface/inst/doc/reflist.bib